%! Author = kuba
%! Date = 17/06/2021

